<?xml version="1.0" encoding="UTF-8"?><collection xmlns="http://www.loc.gov/MARC21/slim"><record><leader>00535nam--2200193-i-4500</leader><controlfield tag="001">000003348</controlfield><controlfield tag="002">20161230</controlfield><controlfield tag="005">20170202090232</controlfield><controlfield tag="008">060222s1000------------r-----000-0-eng-d</controlfield><datafield ind1=" " ind2=" " tag="040"><subfield code="a">IFIN-HH</subfield></datafield><datafield ind1=" " ind2=" " tag="080"><subfield code="a">530.145</subfield></datafield><datafield ind1="1" ind2=" " tag="100"><subfield code="a">Dirac, P. A. M</subfield></datafield><datafield ind1="1" ind2="0" tag="245"><subfield code="a">The Principles of Quantum Mechanics</subfield><subfield code="c">P.A.M. Dirac</subfield></datafield><datafield ind1=" " ind2=" " tag="250"><subfield code="a">Third Edition</subfield></datafield><datafield ind1=" " ind2=" " tag="260"><subfield code="a">Oxford</subfield><subfield code="b">At The Clarendon Press</subfield><subfield code="c">1947</subfield></datafield><datafield ind1=" " ind2=" " tag="300"><subfield code="a">XII+312P</subfield></datafield><datafield ind1=" " ind2=" " tag="490"><subfield code="a">The International Series of Monographs on Physics</subfield></datafield><datafield ind1=" " ind2=" " tag="852"><subfield code="a">1589</subfield><subfield code="c">530.14</subfield></datafield><datafield ind1=" " ind2=" " tag="CAT"><subfield code="a">SYS</subfield><subfield code="c">20170202</subfield><subfield code="h">090232</subfield></datafield></record></collection>